@misc{lecturenotes,
	title = "Computational Physics Lecture Notes Fall 2015",
    author = "Morten Hjorth-Jensen",
    url = "https://github.com/CompPhysics/ComputationalPhysics/tree/master/doc/Lectures",
    year = "2015",
    month = "aug"
}

@article{LUref,
	title={Necessary and sufficient conditions for existence of the LU factorization of an arbitrary matrix},
	author={Okunev, Pavel and Johnson, Charles R},
	journal={arXiv preprint math/0506382},
	year={2005}
}

@book{schroeder,
	title={An Introduction to Thermal Physics},
	author={Schroeder, D.V.},
	isbn={9780201380279},
	lccn={99031696},
	year={1999},
	publisher={Addison Wesley}
}